
@book{politis2015model,
  title={Model-free prediction in regression},
  author={Politis, Dimitris N},
  year={2015},
  publisher={Springer}
}